% Encoding: UTF-8
% 4
@inproceedings{xu2019breathlistener,
  title={Breathlistener: Fine-grained breathing monitoring in driving environments utilizing acoustic signals},
  author={Xu, Xiangyu and Yu, Jiadi and Chen, Yingying and Zhu, Yanmin and Kong, Linghe and Li, Minglu},
  booktitle={Proceedings of the 17th Annual International Conference on Mobile Systems, Applications, and Services},
  pages={54--66},
  year={2019}
}
@book{national1991guidelines,
  title={Guidelines for the diagnosis and management of asthma},
  author={National Heart and Lung and Blood Institute. National Asthma Education Program. Expert Panel on the Management of Asthma},
  number={91},
  year={1991},
  publisher={National Asthma Education Program, Office of Prevention, Education, and~…}
}

@article{vos2017global,
  title={Global, regional, and national incidence, prevalence, and years lived with disability for 328 diseases and injuries for 195 countries, 1990--2016: a systematic analysis for the Global Burden of Disease Study 2016},
  author={Vos, Theo and Abajobir, Amanuel Alemu and Abate, Kalkidan Hassen and Abbafati, Cristiana and Abbas, Kaja M and Abd-Allah, Foad and Abdulkader, Rizwan Suliankatchi and Abdulle, Abdishakur M and Abebo, Teshome Abuka and Abera, Semaw Ferede and others},
  journal={The Lancet},
  volume={390},
  number={10100},
  pages={1211--1259},
  year={2017},
  publisher={Elsevier}
}
% 2
@article{van2003detection,
  title={Detection of asthma and chronic obstructive pulmonary disease in primary care},
  author={Van Schayck, CP and Chavannes, NH},
  journal={European respiratory journal},
  volume={21},
  number={39 suppl},
  pages={16s--22s},
  year={2003},
  publisher={Eur Respiratory Soc}
}
%3
@article{pramono2017automatic,
  title={Automatic adventitious respiratory sound analysis: A systematic review},
  author={Pramono, Renard Xaviero Adhi and Bowyer, Stuart and Rodriguez-Villegas, Esther},
  journal={PloS one},
  volume={12},
  number={5},
  pages={e0177926},
  year={2017},
  publisher={Public Library of Science San Francisco, CA USA}
}

% 1
@article{louis2000relationship,
  title={The relationship between airways inflammation and asthma severity},
  author={Louis, Renaud and Lau, Laurie CK and Bron, Adriaan O and Roldaan, Albert C and Radermecker, Maurice and Djukanovic, Ratko},
  journal={American journal of respiratory and critical care medicine},
  volume={161},
  number={1},
  pages={9--16},
  year={2000},
  publisher={American Thoracic Society New York, NY}
}
% 5
@ARTICLE{BloodGlucoseMonitoringSystem,
  author={G. {Zhang} and Z. {Mei} and Y. {Zhang} and X. {Ma} and B. {Lo} and D. {Chen} and Y. {Zhang}},
  journal={IEEE Transactions on Industrial Informatics}, 
  title={A Noninvasive Blood Glucose Monitoring System Based on Smartphone PPG Signal Processing and Machine Learning}, 
  year={2020},
  volume={16},
  number={11},
  pages={7209-7218},
  doi={10.1109/TII.2020.2975222}}
  
% 6
@article{barry1992muscle,
  title={Muscle fatigue measured with evoked muscle vibrations},
  author={Barry, Daniel T and Hill, Timothy and Im, Dukjin},
  journal={Muscle \& Nerve: Official Journal of the American Association of Electrodiagnostic Medicine},
  volume={15},
  number={3},
  pages={303--309},
  year={1992},
  publisher={Wiley Online Library}
}
% 7
@inproceedings{bales2020can,
  title={Can machine learning be used to recognize and diagnose coughs?},
  author={Bales, Charles and Nabeel, Muhammad and John, Charles N and Masood, Usama and Qureshi, Haneya N and Farooq, Hasan and Posokhova, Iryna and Imran, Ali},
  booktitle={2020 International Conference on e-Health and Bioengineering (EHB)},
  pages={1--4},
  year={2020},
  organization={IEEE}
}
% 8
@inproceedings{mcfee2015librosa,
  title={librosa: Audio and music signal analysis in python},
  author={McFee, Brian and Raffel, Colin and Liang, Dawen and Ellis, Daniel PW and McVicar, Matt and Battenberg, Eric and Nieto, Oriol},
  booktitle={Proceedings of the 14th python in science conference},
  volume={8},
  pages={18--25},
  year={2015},
  organization={Citeseer}
}
%9
@inproceedings{schluter2015exploring,
  title={Exploring Data Augmentation for Improved Singing Voice Detection with Neural Networks.},
  author={Schl{\"u}ter, Jan and Grill, Thomas},
  booktitle={ISMIR},
  pages={121--126},
  year={2015}
}
%音频数据增强
%10
@inproceedings{Jaitly2013VocalTL,
  title={Vocal Tract Length Perturbation (VTLP) improves speech recognition},
  author={Navdeep Jaitly and E. Hinton},
  year={2013}
}
%11
@inproceedings{kanda2013elastic,
  title={Elastic spectral distortion for low resource speech recognition with deep neural networks},
  author={Kanda, Naoyuki and Takeda, Ryu and Obuchi, Yasunari},
  booktitle={2013 IEEE Workshop on Automatic Speech Recognition and Understanding},
  pages={309--314},
  year={2013},
  organization={IEEE}
}
%12
@article{cui2015data,
  title={Data augmentation for deep neural network acoustic modeling},
  author={Cui, Xiaodong and Goel, Vaibhava and Kingsbury, Brian},
  journal={IEEE/ACM Transactions on Audio, Speech, and Language Processing},
  volume={23},
  number={9},
  pages={1469--1477},
  year={2015},
  publisher={IEEE}
}
%13
@article{zheng2001comparison,
  title={Comparison of different implementations of MFCC},
  author={Zheng, Fang and Zhang, Guoliang and Song, Zhanjiang},
  journal={Journal of Computer science and Technology},
  volume={16},
  number={6},
  pages={582--589},
  year={2001},
  publisher={Springer}
}
% VGGish
%14
@article{russakovsky2015imagenet,
  title={Imagenet large scale visual recognition challenge},
  author={Russakovsky, Olga and Deng, Jia and Su, Hao and Krause, Jonathan and Satheesh, Sanjeev and Ma, Sean and Huang, Zhiheng and Karpathy, Andrej and Khosla, Aditya and Bernstein, Michael and others},
  journal={International journal of computer vision},
  volume={115},
  number={3},
  pages={211--252},
  year={2015},
  publisher={Springer}
}
%15
@article{simonyan2014very,
  title={Very deep convolutional networks for large-scale image recognition},
  author={Simonyan, Karen and Zisserman, Andrew},
  journal={arXiv preprint arXiv:1409.1556},
  year={2014}
}
%16
@article{lecun1998gradient,
  title={Gradient-based learning applied to document recognition},
  author={LeCun, Yann and Bottou, L{\'e}on and Bengio, Yoshua and Haffner, Patrick},
  journal={Proceedings of the IEEE},
  volume={86},
  number={11},
  pages={2278--2324},
  year={1998},
  publisher={Ieee}
}
%17
@inproceedings{kingman2015adam,
  title={Adam: A Method for Stochastic Optimization. Conference paper},
  author={Kingman, DP and Ba, J},
  booktitle={3rd International Conference for Learning Representations},
  year={2015}
}


%chapter 4
%18
@article{kvapilova2019continuous,
  title={Continuous sound collection using smartphones and machine learning to measure cough},
  author={Kvapilova, Lucia and Boza, Vladimir and Dubec, Peter and Majernik, Martin and Bogar, Jan and Jamison, Jamileh and Goldsack, Jennifer C and Kimmel, Duncan J and Karlin, Daniel R},
  journal={Digital biomarkers},
  volume={3},
  number={3},
  pages={166--175},
  year={2019},
  publisher={Karger Publishers}
}
%19
@misc{musan2015,
  author = {David Snyder and Guoguo Chen and Daniel Povey},
  title = {{MUSAN}: {A} {M}usic, {S}peech, and {N}oise {C}orpus},
  year = {2015},
  eprint = {1510.08484},
  note = {arXiv:1510.08484v1}
}
%20
@article{2001Monte,
  title={Monte Carlo cross validation},
  author={ Liang, Xyz },
  journal={Chemometrics and Intelligent Laboratory Systems},
  year={2001},
}
% 21
@article{2015The,
  title={The Pascal Visual Object Classes Challenge: A Retrospective},
  author={ Everingham, M.  and  Eslami, Sma  and  Gool, L Van  and  Williams, Cki  and  Winn, J.  and  Zisserman, A. },
  journal={International Journal of Computer Vision},
  volume={111},
  number={1},
  pages={98-136},
  year={2015},
}
% 22
@article{2014How,
  title={How transferable are features in deep neural networks?},
  author={ Yosinski, J.  and  Clune, J.  and  Bengio, Y.  and  Lipson, H. },
  journal={MIT Press},
  year={2014},
}