% thu.bib
% derived from ThuThesis

